@article{DBLP:journals/fi/CasadeiPPVW20,
  author    = {Roberto Casadei and
               Danilo Pianini and
               Andrea Placuzzi and
               Mirko Viroli and
               Danny Weyns},
  title     = {Pulverization in Cyber-Physical Systems: Engineering the Self-Organizing
               Logic Separated from Deployment},
  journal   = {Future Internet},
  volume    = {12},
  number    = {11},
  pages     = {203},
  year      = {2020},
  url       = {https://doi.org/10.3390/fi12110203},
  doi       = {10.3390/fi12110203},
  timestamp = {Thu, 16 Sep 2021 18:02:50 +0200},
  biburl    = {https://dblp.org/rec/journals/fi/CasadeiPPVW20.bib},
  bibsource = {dblp computer science bibliography, https://dblp.org}
}

@phdthesis{DBLP:phd/ch/Doeraene18,
  author    = {S{\'{e}}bastien Doeraene},
  title     = {Cross-Platform Language Design},
  school    = {EPFL, Switzerland},
  year      = {2018},
  url       = {https://doi.org/10.5075/epfl-thesis-8733},
  doi       = {10.5075/epfl-thesis-8733},
  timestamp = {Fri, 29 Jul 2022 22:00:07 +0200},
  biburl    = {https://dblp.org/rec/phd/ch/Doeraene18.bib},
  bibsource = {dblp computer science bibliography, https://dblp.org}
}

@article{DBLP:journals/computer/VillariFDRJR19,
  author    = {Massimo Villari and
               Maria Fazio and
               Schahram Dustdar and
               Omer F. Rana and
               Devki Nandan Jha and
               Rajiv Ranjan},
  title     = {Osmosis: The Osmotic Computing Platform for Microelements in the Cloud,
               Edge, and Internet of Things},
  journal   = {Computer},
  volume    = {52},
  number    = {8},
  pages     = {14--26},
  year      = {2019},
  url       = {https://doi.org/10.1109/MC.2018.2888767},
  doi       = {10.1109/MC.2018.2888767},
  timestamp = {Fri, 30 Dec 2022 14:59:13 +0100},
  biburl    = {https://dblp.org/rec/journals/computer/VillariFDRJR19.bib},
  bibsource = {dblp computer science bibliography, https://dblp.org}
}

@book{DBLP:books/daglib/0013521,
  title     = {Domain-driven design - tackling complexity in the heart of software},
  publisher = {Addison-Wesley},
  year      = {2004},
  isbn      = {978-0-321-12521-7},
  timestamp = {Wed, 19 Jun 2019 17:00:47 +0200},
  biburl    = {https://dblp.org/rec/books/daglib/0013521.bib},
  bibsource = {dblp computer science bibliography, https://dblp.org}
}

@inproceedings{DBLP:conf/isola/BallouliBBS18,
  author    = {Rim El Ballouli and
               Saddek Bensalem and
               Marius Bozga and
               Joseph Sifakis},
  editor    = {Tiziana Margaria and
               Bernhard Steffen},
  title     = {Four Exercises in Programming Dynamic Reconfigurable Systems: Methodology
               and Solution in {DR-BIP}},
  booktitle = {Leveraging Applications of Formal Methods, Verification and Validation.
               Distributed Systems - 8th International Symposium, ISoLA 2018, Limassol,
               Cyprus, November 5-9, 2018, Proceedings, Part {III}},
  series    = {Lecture Notes in Computer Science},
  volume    = {11246},
  pages     = {304--320},
  publisher = {Springer},
  year      = {2018},
  url       = {https://doi.org/10.1007/978-3-030-03424-5\_20},
  doi       = {10.1007/978-3-030-03424-5\_20},
  timestamp = {Tue, 14 May 2019 10:00:41 +0200},
  biburl    = {https://dblp.org/rec/conf/isola/BallouliBBS18.bib},
  bibsource = {dblp computer science bibliography, https://dblp.org}
}

@inproceedings{DBLP:conf/soco/BozgaJMS12,
  author    = {Marius Bozga and
               Mohamad Jaber and
               Nikolaos Maris and
               Joseph Sifakis},
  editor    = {Thomas Gschwind and
               Flavio De Paoli and
               Volker Gruhn and
               Matthias Book},
  title     = {Modeling Dynamic Architectures Using Dy-BIP},
  booktitle = {Software Composition - 11th International Conference, SC@TOOLS 2012,
               Prague, Czech Republic, May 31 - June 1, 2012. Proceedings},
  series    = {Lecture Notes in Computer Science},
  volume    = {7306},
  pages     = {1--16},
  publisher = {Springer},
  year      = {2012},
  url       = {https://doi.org/10.1007/978-3-642-30564-1\_1},
  doi       = {10.1007/978-3-642-30564-1\_1},
  timestamp = {Mon, 15 Feb 2021 16:30:30 +0100},
  biburl    = {https://dblp.org/rec/conf/soco/BozgaJMS12.bib},
  bibsource = {dblp computer science bibliography, https://dblp.org}
}

@article{DBLP:journals/sttt/NicolaMS20,
  author    = {Rocco De Nicola and
               Alessandro Maggi and
               Joseph Sifakis},
  title     = {The DReAM framework for dynamic reconfigurable architecture modelling:
               theory and applications},
  journal   = {Int. J. Softw. Tools Technol. Transf.},
  volume    = {22},
  number    = {4},
  pages     = {437--455},
  year      = {2020},
  url       = {https://doi.org/10.1007/s10009-020-00555-2},
  doi       = {10.1007/s10009-020-00555-2},
  timestamp = {Sat, 09 Apr 2022 12:29:47 +0200},
  biburl    = {https://dblp.org/rec/journals/sttt/NicolaMS20.bib},
  bibsource = {dblp computer science bibliography, https://dblp.org}
}

@article{DBLP:journals/software/BasuBBCJNS11,
  author    = {Ananda Basu and
               Saddek Bensalem and
               Marius Bozga and
               Jacques Combaz and
               Mohamad Jaber and
               Thanh{-}Hung Nguyen and
               Joseph Sifakis},
  title     = {Rigorous Component-Based System Design Using the {BIP} Framework},
  journal   = {{IEEE} Softw.},
  volume    = {28},
  number    = {3},
  pages     = {41--48},
  year      = {2011},
  url       = {https://doi.org/10.1109/MS.2011.27},
  doi       = {10.1109/MS.2011.27},
  timestamp = {Mon, 15 Feb 2021 16:30:30 +0100},
  biburl    = {https://dblp.org/rec/journals/software/BasuBBCJNS11.bib},
  bibsource = {dblp computer science bibliography, https://dblp.org}
}

@inproceedings{DBLP:conf/compsac/TaivalsaariMS14,
  author    = {Antero Taivalsaari and
               Tommi Mikkonen and
               Kari Syst{\"{a}}},
  title     = {Liquid Software Manifesto: The Era of Multiple Device Ownership and
               Its Implications for Software Architecture},
  booktitle = {{IEEE} 38th Annual Computer Software and Applications Conference,
               {COMPSAC} 2014, Vasteras, Sweden, July 21-25, 2014},
  pages     = {338--343},
  publisher = {{IEEE} Computer Society},
  year      = {2014},
  url       = {https://doi.org/10.1109/COMPSAC.2014.56},
  doi       = {10.1109/COMPSAC.2014.56},
  timestamp = {Wed, 16 Oct 2019 14:14:53 +0200},
  biburl    = {https://dblp.org/rec/conf/compsac/TaivalsaariMS14.bib},
  bibsource = {dblp computer science bibliography, https://dblp.org}
}

@inproceedings{DBLP:conf/esem/GallabaMB15,
  author    = {Keheliya Gallaba and
               Ali Mesbah and
               Ivan Beschastnikh},
  title     = {Don't Call Us, We'll Call You: Characterizing Callbacks in Javascript},
  booktitle = {2015 {ACM/IEEE} International Symposium on Empirical Software Engineering
               and Measurement, {ESEM} 2015, Beijing, China, October 22-23, 2015},
  pages     = {247--256},
  publisher = {{IEEE} Computer Society},
  year      = {2015},
  url       = {https://doi.org/10.1109/ESEM.2015.7321196},
  doi       = {10.1109/ESEM.2015.7321196},
  timestamp = {Wed, 16 Oct 2019 14:14:52 +0200},
  biburl    = {https://dblp.org/rec/conf/esem/GallabaMB15.bib},
  bibsource = {dblp computer science bibliography, https://dblp.org}
}

@inproceedings{DBLP:conf/oopsla/ElizarovBAU21,
  author    = {Roman Elizarov and
               Mikhail A. Belyaev and
               Marat Akhin and
               Ilmir Usmanov},
  editor    = {Wolfgang De Meuter and
               Elisa L. A. Baniassad},
  title     = {Kotlin coroutines: design and implementation},
  booktitle = {Onward! 2021: Proceedings of the 2021 {ACM} {SIGPLAN} International
               Symposium on New Ideas, New Paradigms, and Reflections on Programming
               and Software, Virtual Event / Chicago, IL, USA, October 20-22, 2021},
  pages     = {68--84},
  publisher = {{ACM}},
  year      = {2021},
  url       = {https://doi.org/10.1145/3486607.3486751},
  doi       = {10.1145/3486607.3486751},
  timestamp = {Thu, 04 Nov 2021 16:14:49 +0100},
  biburl    = {https://dblp.org/rec/conf/oopsla/ElizarovBAU21.bib},
  bibsource = {dblp computer science bibliography, https://dblp.org}
}

@article{DBLP:journals/internet/Vinoski06e,
  author    = {Steve Vinoski},
  title     = {Advanced Message Queuing Protocol},
  journal   = {{IEEE} Internet Comput.},
  volume    = {10},
  number    = {6},
  pages     = {87--89},
  year      = {2006},
  url       = {https://doi.org/10.1109/MIC.2006.116},
  doi       = {10.1109/MIC.2006.116},
  timestamp = {Fri, 13 Mar 2020 14:42:17 +0100},
  biburl    = {https://dblp.org/rec/journals/internet/Vinoski06e.bib},
  bibsource = {dblp computer science bibliography, https://dblp.org}
}

@inproceedings{DBLP:conf/dls/MarrDM16,
  author    = {Stefan Marr and
               Benoit Daloze and
               Hanspeter M{\"{o}}ssenb{\"{o}}ck},
  editor    = {Roberto Ierusalimschy},
  title     = {Cross-language compiler benchmarking: are we fast yet?},
  booktitle = {Proceedings of the 12th Symposium on Dynamic Languages, {DLS} 2016,
               Amsterdam, The Netherlands, November 1, 2016},
  pages     = {120--131},
  publisher = {{ACM}},
  year      = {2016},
  url       = {https://doi.org/10.1145/2989225.2989232},
  doi       = {10.1145/2989225.2989232},
  timestamp = {Thu, 14 Oct 2021 09:58:29 +0200},
  biburl    = {https://dblp.org/rec/conf/dls/MarrDM16.bib},
  bibsource = {dblp computer science bibliography, https://dblp.org}
}

@article{DBLP:journals/iot/BittencourtISFM18,
  author    = {Luiz F. Bittencourt and
               Roger Immich and
               Rizos Sakellariou and
               Nelson L. S. da Fonseca and
               Edmundo R. M. Madeira and
               Mar{\'{\i}}lia Curado and
               Leandro Villas and
               Luiz A. DaSilva and
               Craig Lee and
               Omer F. Rana},
  title     = {The Internet of Things, Fog and Cloud continuum: Integration and challenges},
  journal   = {Internet Things},
  volume    = {3-4},
  pages     = {134--155},
  year      = {2018},
  url       = {https://doi.org/10.1016/j.iot.2018.09.005},
  doi       = {10.1016/j.iot.2018.09.005},
  timestamp = {Sun, 02 Oct 2022 15:39:19 +0200},
  biburl    = {https://dblp.org/rec/journals/iot/BittencourtISFM18.bib},
  bibsource = {dblp computer science bibliography, https://dblp.org}
}

@article{DBLP:journals/cacm/ArmbrustFGJKKLPRSZ10,
  author    = {Michael Armbrust and
               Armando Fox and
               Rean Griffith and
               Anthony D. Joseph and
               Randy H. Katz and
               Andy Konwinski and
               Gunho Lee and
               David A. Patterson and
               Ariel Rabkin and
               Ion Stoica and
               Matei Zaharia},
  title     = {A view of cloud computing},
  journal   = {Commun. {ACM}},
  volume    = {53},
  number    = {4},
  pages     = {50--58},
  year      = {2010},
  url       = {http://doi.acm.org/10.1145/1721654.1721672},
  doi       = {10.1145/1721654.1721672},
  timestamp = {Sat, 19 Oct 2019 19:13:30 +0200},
  biburl    = {https://dblp.org/rec/journals/cacm/ArmbrustFGJKKLPRSZ10.bib},
  bibsource = {dblp computer science bibliography, https://dblp.org}
}

@article{DBLP:journals/csur/WeisenburgerWS20,
  author    = {Pascal Weisenburger and
               Johannes Wirth and
               Guido Salvaneschi},
  title     = {A Survey of Multitier Programming},
  journal   = {{ACM} Comput. Surv.},
  volume    = {53},
  number    = {4},
  pages     = {81:1--81:35},
  year      = {2021},
  url       = {https://doi.org/10.1145/3397495},
  doi       = {10.1145/3397495},
  timestamp = {Wed, 23 Nov 2022 16:16:46 +0100},
  biburl    = {https://dblp.org/rec/journals/csur/WeisenburgerWS20.bib},
  bibsource = {dblp computer science bibliography, https://dblp.org}
}

@inproceedings{DBLP:conf/acsos/AguzziCPSV21,
  author    = {Gianluca Aguzzi and
               Roberto Casadei and
               Danilo Pianini and
               Guido Salvaneschi and
               Mirko Viroli},
  editor    = {Esam El{-}Araby and
               Vana Kalogeraki and
               Danilo Pianini and
               Fr{\'{e}}d{\'{e}}ric Lassabe and
               Barry Porter and
               Sona Ghahremani and
               Ingrid Nunes and
               Mohamed Bakhouya and
               Sven Tomforde},
  title     = {Towards Pulverised Architectures for Collective Adaptive Systems through
               Multi-Tier Programming},
  booktitle = {{IEEE} International Conference on Autonomic Computing and Self-Organizing
               Systems, {ACSOS} 2021, Companion Volume, Washington, DC, USA, September
               27 - Oct. 1, 2021},
  pages     = {99--104},
  publisher = {{IEEE}},
  year      = {2021},
  url       = {https://doi.org/10.1109/ACSOS-C52956.2021.00033},
  doi       = {10.1109/ACSOS-C52956.2021.00033},
  timestamp = {Sat, 09 Apr 2022 12:41:20 +0200},
  biburl    = {https://dblp.org/rec/conf/acsos/AguzziCPSV21.bib},
  bibsource = {dblp computer science bibliography, https://dblp.org}
}

@article{DBLP:journals/pacmpl/WeisenburgerKS18,
  author    = {Pascal Weisenburger and
               Mirko K{\"{o}}hler and
               Guido Salvaneschi},
  title     = {Distributed system development with ScalaLoci},
  journal   = {Proc. {ACM} Program. Lang.},
  volume    = {2},
  number    = {{OOPSLA}},
  pages     = {129:1--129:30},
  year      = {2018},
  url       = {https://doi.org/10.1145/3276499},
  doi       = {10.1145/3276499},
  timestamp = {Wed, 17 Feb 2021 08:54:10 +0100},
  biburl    = {https://dblp.org/rec/journals/pacmpl/WeisenburgerKS18.bib},
  bibsource = {dblp computer science bibliography, https://dblp.org}
}

@article{DBLP:journals/programming/WeisenburgerS20,
  author    = {Pascal Weisenburger and
               Guido Salvaneschi},
  title     = {Implementing a Language for Distributed Systems: Choices and Experiences
               with Type Level and Macro Programming in Scala},
  journal   = {Art Sci. Eng. Program.},
  volume    = {4},
  number    = {3},
  pages     = {17},
  year      = {2020},
  url       = {https://doi.org/10.22152/programming-journal.org/2020/4/17},
  doi       = {10.22152/programming-journal.org/2020/4/17},
  timestamp = {Sun, 25 Jul 2021 11:40:31 +0200},
  biburl    = {https://dblp.org/rec/journals/programming/WeisenburgerS20.bib},
  bibsource = {dblp computer science bibliography, https://dblp.org}
}

@article{DBLP:journals/computer/BealPV15,
  author    = {Jacob Beal and
               Danilo Pianini and
               Mirko Viroli},
  title     = {Aggregate Programming for the Internet of Things},
  journal   = {Computer},
  volume    = {48},
  number    = {9},
  pages     = {22--30},
  year      = {2015},
  url       = {https://doi.org/10.1109/MC.2015.261},
  doi       = {10.1109/MC.2015.261},
  timestamp = {Wed, 12 Aug 2020 10:31:37 +0200},
  biburl    = {https://dblp.org/rec/journals/computer/BealPV15.bib},
  bibsource = {dblp computer science bibliography, https://dblp.org}
}
